@article{beal2015aggregate,
  title={Aggregate programming for the internet of things},
  author={Beal, Jacob and Pianini, Danilo and Viroli, Mirko},
  journal={Computer},
  volume={48},
  number={9},
  pages={22--30},
  year={2015},
  publisher={IEEE}
}

@inproceedings{aguzzi2021research,
  title={Research directions for Aggregate Computing with Machine Learning},
  author={Aguzzi, Gianluca},
  booktitle={2021 IEEE International Conference on Autonomic Computing and Self-Organizing Systems Companion (ACSOS-C)},
  pages={310--312},
  year={2021},
  organization={IEEE}
}

@article{wu2020comprehensive,
  title={A comprehensive survey on graph neural networks},
  author={Wu, Zonghan and Pan, Shirui and Chen, Fengwen and Long, Guodong and Zhang, Chengqi and Philip, S Yu},
  journal={IEEE transactions on neural networks and learning systems},
  volume={32},
  number={1},
  pages={4--24},
  year={2020},
  publisher={IEEE}
}

@inproceedings{DBLP:conf/icdcs/AguzziCV22,
  author    = {Gianluca Aguzzi and
               Roberto Casadei and
               Mirko Viroli},
  title     = {Machine Learning for Aggregate Computing: a Research Roadmap},
  booktitle = {42nd {IEEE} International Conference on Distributed Computing Systems,
               {ICDCS} Workshops, Bologna, Italy, July 10, 2022},
  pages     = {119--124},
  publisher = {{IEEE}},
  year      = {2022},
  url       = {https://doi.org/10.1109/ICDCSW56584.2022.00032},
  doi       = {10.1109/ICDCSW56584.2022.00032},
  timestamp = {Wed, 07 Dec 2022 23:06:24 +0100},
  biburl    = {https://dblp.org/rec/conf/icdcs/AguzziCV22.bib},
  bibsource = {dblp computer science bibliography, https://dblp.org}
}

@article{foerster2016learning,
  title={Learning to communicate with deep multi-agent reinforcement learning},
  author={Foerster, Jakob and Assael, Ioannis Alexandros and De Freitas, Nando and Whiteson, Shimon},
  journal={Advances in neural information processing systems},
  volume={29},
  year={2016}
}

@article{casadei2022scafi,
  title={ScaFi: A Scala DSL and Toolkit for Aggregate Programming},
  author={Casadei, Roberto and Viroli, Mirko and Aguzzi, Gianluca and Pianini, Danilo},
  journal={SoftwareX},
  volume={20},
  pages={101248},
  year={2022},
  publisher={Elsevier}
}

@inproceedings{rozemberczki2021pytorch,
  title={Pytorch geometric temporal: Spatiotemporal signal processing with neural machine learning models},
  author={Rozemberczki, Benedek and Scherer, Paul and He, Yixuan and Panagopoulos, George and Riedel, Alexander and Astefanoaei, Maria and Kiss, Oliver and Beres, Ferenc and L{\'o}pez, Guzm{\'a}n and Collignon, Nicolas and others},
  booktitle={Proceedings of the 30th ACM International Conference on Information \& Knowledge Management},
  pages={4564--4573},
  year={2021}
}

@inproceedings{laddad2020scalapy,
  title={ScalaPy: seamless Python interoperability for cross-platform Scala programs},
  author={Laddad, Shadaj and Sen, Koushik},
  booktitle={Proceedings of the 11th ACM SIGPLAN International Symposium on Scala},
  pages={2--13},
  year={2020}
}

@inproceedings{aguzzi2022addressing,
  title={Addressing Collective Computations Efficiency: Towards a Platform-level Reinforcement Learning Approach},
  author={Aguzzi, Gianluca and Casadei, Roberto and Viroli, Mirko},
  booktitle={2022 IEEE International Conference on Autonomic Computing and Self-Organizing Systems (ACSOS)},
  pages={11--20},
  year={2022},
  organization={IEEE}
}

@inproceedings{aguzzi2022towards,
  title={Towards reinforcement learning-based aggregate computing},
  author={Aguzzi, Gianluca and Casadei, Roberto and Viroli, Mirko},
  booktitle={International Conference on Coordination Languages and Models},
  pages={72--91},
  year={2022},
  organization={Springer}
}